<?xml version="1.0" encoding="UTF-8"?><collection xmlns="http://www.loc.gov/MARC21/slim"><record><leader>00570nam--2200193-u-4500</leader><controlfield tag="001">000053056</controlfield><controlfield tag="002">20161230</controlfield><controlfield tag="005">20161230201050</controlfield><controlfield tag="008">110104s1000------------r-----000-0-eng-d</controlfield><datafield ind1=" " ind2=" " tag="020"><subfield code="a">0198507321</subfield></datafield><datafield ind1=" " ind2=" " tag="040"><subfield code="a">IFIN-HH</subfield></datafield><datafield ind1=" " ind2=" " tag="080"><subfield code="a">538(915+953+958)</subfield></datafield><datafield ind1="1" ind2=" " tag="100"><subfield code="a">Challis, Lawrence</subfield></datafield><datafield ind1="1" ind2="0" tag="245"><subfield code="a">Electron-photon interaction in low-dimensional structures</subfield><subfield code="c">LAWRWNCE CHALLIS (Ed.)</subfield></datafield><datafield ind1=" " ind2=" " tag="260"><subfield code="a">Oxford</subfield><subfield code="b">Oxford University Press</subfield><subfield code="c">2003</subfield></datafield><datafield ind1=" " ind2=" " tag="300"><subfield code="a">285P</subfield></datafield><datafield ind1=" " ind2=" " tag="490"><subfield code="a">Series On Semiconductor Science And Technology</subfield></datafield><datafield ind1=" " ind2=" " tag="852"><subfield code="a">81672</subfield><subfield code="c">538.9</subfield></datafield><datafield ind1=" " ind2=" " tag="CAT"><subfield code="a">Sys</subfield><subfield code="c">20110104</subfield><subfield code="h">110023</subfield></datafield></record></collection>